@book{bookc:folland99,
  author    = {Gerald B. Folland},
  title     = {Real Analysis: Modern Techniques and Their Applications},
  publisher = {John Wiley \& Sons},
  year      = {1999},
  edition   = {Second Edition}
}

@book{bookc:folland95,
  author    = {Gerald B. Folland},
  title     = {A Course in Abstract Harmonic Analysis},
  publisher = {CRC Press},
  year      = {1995}
}

@book{bookc:elstrod11,
  author    = {Jürgen Elstrod},
  title     = {Maß- und Integrationstheorie},
  publisher = {Springer},
  year      = {2011},
  edition   = {Siebte Auflage}
}

@book{bookc:bogachev07,
  author    = {Vladimir I. Bogachev},
  title     = {Measure Theory},
  publisher = {Springer},
  year      = {2007}
}

@book{bookc:fried05,
  author    = {M. Jardean und M. D. Fried},
  title     = {Field Arithmetic},
  publisher = {Springer},
  year      = {2005},
  edition   = {Second Edition}
}

@article{artcle:alfsen63,
  author    = {Erik M. Alfsen},
  title     = {A simplified constructive proof of existence and uniqueness of Haar measure},
  journal   = {Math. Scand.},
  volume    = {12},
  pages	    = {106--116},
  year      = {1963},
  url	    = {http://www.mscand.dk/article.php?id=1667}
}

@booklet{www:mp:gruppenzwang7,
  author  = {{\glqq Gockel\grqq}},
  title   = {Gruppenzwang~VII},
  url	  = {http://matheplanet.com/matheplanet/nuke/html/article.php?sid=923}
}

@booklet{www:mp:unendlichegaloistheorie,
  author  = {{\glqq Gockel\grqq}},
  title   = {Unendliche Galoistheorie},
  url	  = {http://matheplanet.com/matheplanet/nuke/html/article.php?sid=933}
}

